<?xml version="1.0" encoding="UTF-8" standalone="yes"?><bib><mms_id>991062340789705501</mms_id><record_format>marc21</record_format><linked_record_id/><title>Luzern Kursaal, Palace, Hôtel</title><network_numbers><network_number>(IDSLU)001348753ILU01</network_number><network_number>017656451</network_number><network_number>(swissbib)017656451-41slsp_network</network_number></network_numbers><place_of_publication>Luzern</place_of_publication><date_of_publication>[1910]</date_of_publication><publisher_const>Leon Nordmann</publisher_const><holdings link="https://api-eu.hosted.exlibrisgroup.com/almaws/v1/bibs/991062340789705501/holdings"/><created_by>import</created_by><created_date>2020-11-09Z</created_date><last_modified_by>exl_api</last_modified_by><last_modified_date>2023-03-31Z</last_modified_date><suppress_from_publishing>false</suppress_from_publishing><suppress_from_external_search>false</suppress_from_external_search><suppress_from_metadoor>false</suppress_from_metadoor><rank>70</rank><sync_with_oclc>NONE</sync_with_oclc><sync_with_libraries_australia>NONE</sync_with_libraries_australia><originating_system>ILS</originating_system><originating_system_id>017656451-41slsp_network</originating_system_id><cataloging_level desc="BIB cataloger">20</cataloging_level><brief_level desc="01">01</brief_level><record><leader>01482nkm a22003857c 4500</leader><controlfield tag="001">991062340789705501</controlfield><controlfield tag="005">20230331112615.0</controlfield><controlfield tag="007">ki#|||</controlfield><controlfield tag="008">180516s1910    sz ||| |          i|ger d</controlfield><datafield ind1=" " ind2=" " tag="019"><subfield code="a">Graphisches Blatt. Exemplarspezifische Aufnahme, weder ändern noch Exemplare anhängen!</subfield><subfield code="5">IDSLU/SzZuIDS LU/hk</subfield></datafield><datafield ind1="7" ind2=" " tag="024"><subfield code="a">ark:/63274/zhb1rm0d</subfield><subfield code="2">ark</subfield></datafield><datafield ind1=" " ind2=" " tag="035"><subfield code="a">(swissbib)017656451-41slsp_network</subfield></datafield><datafield ind1=" " ind2=" " tag="035"><subfield code="a">017656451</subfield><subfield code="9">ExL</subfield></datafield><datafield ind1=" " ind2=" " tag="035"><subfield code="a">(IDSLU)001348753ILU01</subfield></datafield><datafield ind1=" " ind2=" " tag="040"><subfield code="a">SzZuIDS LU</subfield><subfield code="b">ger</subfield><subfield code="e">rda</subfield><subfield code="d">CH-ZuSLS</subfield></datafield><datafield ind1="0" ind2="0" tag="245"><subfield code="a">Luzern</subfield><subfield code="b">Kursaal, Palace, Hôtel</subfield></datafield><datafield ind1=" " ind2="1" tag="264"><subfield code="a">Luzern</subfield><subfield code="b">Leon Nordmann</subfield><subfield code="c">[1910]</subfield></datafield><datafield ind1=" " ind2=" " tag="300"><subfield code="a">1 Postkarte</subfield><subfield code="b">Lichtdruck</subfield><subfield code="c">Bild und Blatt 8,8 x 13,8 cm</subfield></datafield><datafield ind1=" " ind2=" " tag="336"><subfield code="b">sti</subfield><subfield code="2">rdacontent</subfield></datafield><datafield ind1=" " ind2=" " tag="337"><subfield code="b">n</subfield><subfield code="2">rdamedia</subfield></datafield><datafield ind1=" " ind2=" " tag="338"><subfield code="b">no</subfield><subfield code="2">rdacarrier</subfield></datafield><datafield ind1=" " ind2=" " tag="500"><subfield code="a">Rückseitig Nummer: "10 73772"</subfield></datafield><datafield ind1=" " ind2=" " tag="506"><subfield code="a">Open Access</subfield><subfield code="u">http://purl.org/coar/access_right/c_abf2</subfield><subfield code="2">star</subfield></datafield><datafield ind1=" " ind2=" " tag="520"><subfield code="a">Hochwasser Luzern, 1910</subfield></datafield><datafield ind1=" " ind2=" " tag="540"><subfield code="a">Public Domain Mark 1.0</subfield><subfield code="u">https://creativecommons.org/publicdomain/mark/1.0/</subfield><subfield code="2">cc</subfield></datafield><datafield ind1=" " ind2=" " tag="590"><subfield code="a">Sujet identisch: P LSa.51.1.14</subfield></datafield><datafield ind1=" " ind2=" " tag="590"><subfield code="a">Nicht gelaufene Ansichtskarte</subfield></datafield><datafield ind1=" " ind2=" " tag="590"><subfield code="a">Rückseitig handschriftliche Notiz: "Hochwasser 1910"</subfield></datafield><datafield ind1=" " ind2="7" tag="648"><subfield code="a">Geschichte 1910</subfield><subfield code="2">gnd</subfield></datafield><datafield ind1=" " ind2="7" tag="650"><subfield code="a">Hochwasser</subfield><subfield code="0">(DE-588)4025289-9</subfield><subfield code="2">gnd</subfield></datafield><datafield ind1=" " ind2="7" tag="651"><subfield code="a">Luzern</subfield><subfield code="0">(DE-588)4036733-2</subfield><subfield code="2">gnd</subfield></datafield><datafield ind1=" " ind2="7" tag="655"><subfield code="a">Bild</subfield><subfield code="2">gnd-content</subfield></datafield><datafield ind1=" " ind2=" " tag="751"><subfield code="a">Luzern</subfield><subfield code="0">(DE-588)4036733-2</subfield></datafield><datafield ind1="4" ind2=" " tag="856"><subfield code="3">Bild</subfield><subfield code="u">https://n2t.net/ark:/63274/zhb1rm0d</subfield><subfield code="q">jpg</subfield></datafield><datafield ind1=" " ind2=" " tag="900"><subfield code="a">IDSIxunikat</subfield></datafield></record></bib>